@article{roy2016harmonia,
  title     = {The harlequin ladybird, Harmonia axyridis: global perspectives on invasion history and ecology},
  author    = {Roy, Helen E and Brown, Peter MJ and Adriaens, Tim and Berkvens, Nick and Borges, Isabel and Clusella-Trullas, Susana and Comont, Richard F and De Clercq, Patrick and Eschen, Rene and Estoup, Arnaud and others},
  journal   = {Biological invasions},
  volume    = {18},
  pages     = {997--1044},
  year      = {2016},
  publisher = {Springer},
  doi       = {10.1007/s10530-016-1077-6}
}

@article{chapin1991harmonia,
  title   = {Harmonia axyridis (Pallas), the third species of the genus to be found in the United States (Coleoptera: Coccinellidae)},
  author  = {Chapin, Joan B and Brou, VA and others},
  journal = {Proc. Entomol. Soc. Wash},
  volume  = {93},
  number  = {3},
  pages   = {630--635},
  year    = {1991},
  url     = {https://www.biodiversitylibrary.org/partpdf/55539}
}

@article{brown2008harmonia,
  title     = {Harmonia axyridis in Europe: spread and distribution of a non-native coccinellid},
  author    = {Brown, PMJ and Adriaens, Tim and Bathon, Horst and Cuppen, John and Goldarazena, Arturo and H{\"a}gg, Tomas and Kenis, M and Klausnitzer, BEM and Kov{\'a}{\v{r}}, I and Loomans, AJM and others},
  journal   = {From biological control to invasion: the ladybird Harmonia axyridis as a model species},
  pages     = {5--21},
  year      = {2008},
  publisher = {Springer},
  doi       = {10.1007/978-1-4020-6939-0_2}
}

@article{coutanceau2006harmoniaFR,
  author  = {Coutanceau, Jean},
  year    = {2006},
  month   = {01},
  pages   = {395-401},
  title   = {Harmonia axyridis (Pallas, 1773): Une coccinelle asiatique introduite, acclimatée et en extension en France},
  volume  = {111},
  journal = {Bulletin de la Société Entomologique de France},
  doi     = {10.3406/bsef.2006.16343}
}

@article{rabitsch2006harmoniaAT,
  title   = {First record of the multicoloured Asian ladybird Harmonia axyridis (Pallas, 1773) in Austria},
  author  = {Rabitsch, W and Schuh, R},
  journal = {Beitr{\"a}ge zur Entomofaunistik},
  volume  = {7},
  pages   = {161--164},
  year    = {2006},
  url     = {https://www.zobodat.at/pdf/BEF_7_0161-0164.pdf}
}

@article{lombaert2010harmoniabridgehead,
  title     = {Bridgehead effect in the worldwide invasion of the biocontrol harlequin ladybird},
  author    = {Lombaert, Eric and Guillemaud, Thomas and Cornuet, Jean-Marie and Malausa, Thibaut and Facon, Beno{\^\i}t and Estoup, Arnaud},
  journal   = {PloS one},
  volume    = {5},
  number    = {3},
  pages     = {e9743},
  year      = {2010},
  publisher = {Public Library of Science San Francisco, USA},
  doi       = {10.1371/journal.pone.0009743}
}

@article{pell2008harmoniaIGP,
  title     = {Intraguild predation involving Harmonia axyridis: a review of current knowledge and future perspectives},
  author    = {Pell, Judith K and Baverstock, Jason and Roy, Helen E and Ware, Remy L and Majerus, Michael EN},
  journal   = {BioControl},
  volume    = {53},
  pages     = {147--168},
  year      = {2008},
  publisher = {Springer},
  doi       = {10.1007/978-1-4020-6939-0_10}
}

@article{koch2004harmoniafoodcrop,
  title     = {Phytophagous preferences of the multicolored Asian lady beetle (Coleoptera: Coccinellidae) for autumn-ripening fruit},
  author    = {Koch, RL and Burkness, EC and Burkness, SJ Wold and Hutchison, WD},
  journal   = {Journal of Economic Entomology},
  volume    = {97},
  number    = {2},
  pages     = {539--544},
  year      = {2004},
  publisher = {Oxford University Press Oxford, UK},
  doi       = {10.1093/jee/97.2.539}
}

@article{nalepa2005harmoniahomes,
  title     = {Role of visual contrast in the alighting behavior of Harmonia axyridis (Coleoptera: Coccinellidae) at overwintering sites},
  author    = {Nalepa, CA and Kennedy, GG and Brownie, C},
  journal   = {Environmental Entomology},
  volume    = {34},
  number    = {2},
  pages     = {425--431},
  year      = {2005},
  publisher = {Oxford University Press Oxford, UK},
  doi       = {10.1603/0046-225X-34.2.425}
}